@MISC{RFC2119,
	title          = {Key words for use in RFCs to Indicate Requirement Levels},
	author         = {Scott Bradner},
	institution    = {Harvard University},
	howpublished   = "\url{http://tools.ietf.org/html/rfc2119}",
	year           = {1997},
	month          = {Mar}
}

@ARTICLE{LeNovere2006,
	author  = "Le Nov{\`e}re, N and B. Bornstein and A. Broicher and M. Courtot and M. Donizelli and H. Dharuri and L. Li and H. Sauro and M. Schilstra and B. Shapiro and J. L. Snoep and M. Hucka",
	title   = "{BioModels Database}: a free, centralized database of curated, published, quantitative kinetic models of biochemical and cellular systems",
	journal = "Nucleic Acids Research",
	year    = 2006,
	month   = "January",
	volume  = 34,
	pages   = "D689--D691",
	number  = "Database issue",
	pmid    = 16381960,
	doi     = "10.1093/nar/gkj092",
}
@ARTICLE{Li2009,
	author  = "Li, C and Courtot, M and Le Nov\`{e}re, N and Laibe, C",
	title   = "{BioModels.net Web Services, a free and integrated toolkit for computational modelling software}",
	journal = "Briefings in Bioinformatics",
	year    = 2009,
	month   = "November",
	pmid    = 19939940,
}
@ARTICLE{Li2010,
	author  = "Li, Chen and Donizelli, Marco and Rodriguez, Nicolas and Dharuri, Harish and Endler, Lukas and Chelliah, Vijayalakshmi and Li, Lu and He, Enuo and Henry, Arnaud and Stefan, Melanie I. and Snoep, Jacky L. and Hucka, Michael and Le Nov{\`e}re, Nicolas and Laibe, Camille",
	title   = "{BioModels Database: An enhanced, curated and annotated resource for published quantitative kinetic models.}",
	journal = "BMC Systems Biology",
	year    = 2010,
	month   = "June",
	volume  = 4,
	pages   = "92",
	pmid    = 20587024
}
@TECHREPORT{ddmore:dow,
	author 		= "Lutz Harnisch",
	title 		= "Drug Disease Model Resources: Description of Work",
	institution = "IMI Project Proposal",
	year 		= 2010,
	month 		= "November",
}
@MISC{oed:process,
	title			= "process, n.",
	author			= "Oxford English Dictionary",
	institution		= "Oxford University Press",
	howpublished	= "\url{http://www.oed.com/view/Entry/151794}"
}
@MISC{oed:system,
	author			= "Oxford English Dictionary",
	title			= "system, n.",
	institution		= "Oxford University Press",
	howpublished	= "\url{http://www.oed.com/view/Entry/196665}",
}
